@book{verborgh_packt_2013,
  title = {Using OpenRefine},
  author = {Verborgh, Ruben and De Wilde, Max},
  publisher = {Packt Publishing},
  year = 2013,
  month = sep,
  isbn = {978-1783289080},
}

@MISC{Wang05anontology-based,
    author = {Xin Wang and Howard J. Hamilton and Yashu Bither},
    title = {An Ontology-Based Approach to Data Cleaning},
    year = {2005}
}
